<?xml version="1.0" encoding="UTF-8"?>
<record xmlns="http://www.loc.gov/MARC21/slim" xmlns:xsi="http://www.w3.org/2001/XMLSchema-instance" xsi:schemaLocation="http://www.loc.gov/MARC21/slim http://www.loc.gov/standards/marcxml/schema/MARC21slim.xsd">
<leader>00000cam a22     1a 4500</leader>
<controlfield tag="001">003434850</controlfield>
<controlfield tag="003">NNU</controlfield>
<controlfield tag="005">20110401144944.0</controlfield>
<controlfield tag="008">110401s1962    iq a          000 0 ara d</controlfield>
<datafield tag="035" ind1=" " ind2=" ">
<subfield code="a">(OCoLC)708964122</subfield>
</datafield>
<datafield tag="035" ind1=" " ind2=" ">
<subfield code="a">(CStRLIN)CTYN01-B203</subfield>
</datafield>
<datafield tag="035" ind1=" " ind2=" ">
<subfield code="a">(YUS)5410679</subfield>
</datafield>
<datafield tag="040" ind1=" " ind2=" ">
<subfield code="a">NjP</subfield>
<subfield code="c">YUS</subfield>
</datafield>
<datafield tag="100" ind1="0" ind2=" ">
<subfield code="a">Kindī,</subfield>
<subfield code="d">d. ca. 873</subfield>
<subfield code="6">880-01</subfield>
</datafield>
<datafield tag="245" ind1="1" ind2="0">
<subfield code="6">880-02</subfield>
<subfield code="a">Mūsīqá al-Kindī :</subfield>
<subfield code="b">mulḥaq li-kitāb Muʼallafāt al-Kindī al-Musīqīyah /</subfield>
<subfield code="c">Zakarīyā Yūsuf.</subfield>
</datafield>
<datafield tag="246" ind1="1" ind2=" ">
<subfield code="a">The Music of al-Kindi</subfield>
</datafield>
<datafield tag="260" ind1=" " ind2=" ">
<subfield code="6">880-03</subfield>
<subfield code="a">Baghdād :</subfield>
<subfield code="b">Maṭbaʻat Shafīq,</subfield>
<subfield code="c">1962.</subfield>
</datafield>
<datafield tag="300" ind1=" " ind2=" ">
<subfield code="a">32 p. :</subfield>
<subfield code="b">ill. ;</subfield>
<subfield code="c">25 cm.</subfield>
</datafield>
<datafield tag="500" ind1=" " ind2=" ">
<subfield code="a">Cover title: The music of al-Kindi (an appendix to my book "al-Kindi's writings on music") by Zakariya Yusuf.</subfield>
</datafield>
<datafield tag="500" ind1=" " ind2=" ">
<subfield code="a">Title on p. [4] of cover: The music of al-Kindi.</subfield>
</datafield>
<datafield tag="500" ind1=" " ind2=" ">
<subfield code="a">(an appendix to my book "Al-Kindi's writings on music")</subfield>
</datafield>
<datafield tag="600" ind1="0" ind2="0">
<subfield code="a">Kindī,</subfield>
<subfield code="d">d. ca. 873.</subfield>
</datafield>
<datafield tag="650" ind1=" " ind2="0">
<subfield code="a">Oud music.</subfield>
</datafield>
<datafield tag="650" ind1=" " ind2="0">
<subfield code="a">Oud</subfield>
<subfield code="z">Iraq.</subfield>
</datafield>
<datafield tag="700" ind1="1" ind2=" ">
<subfield code="a">Yūsuf, Zakarīyā</subfield>
<subfield code="6">880-04</subfield>
</datafield>
<datafield tag="700" ind1="0" ind2=" ">
<subfield code="a">Kindī,</subfield>
<subfield code="d">d. ca. 873</subfield>
<subfield code="6">880-05</subfield>
<subfield code="t">Muʼallafāt al-Kindī al-mūsīqīyah.</subfield>
</datafield>
<datafield tag="740" ind1="0" ind2=" ">
<subfield code="a">Music of al-Kindi.</subfield>
</datafield>
<datafield tag="880" ind1="0" ind2=" ">
<subfield code="6">100-01/</subfield>
<subfield code="a">كندي</subfield>
</datafield>
<datafield tag="880" ind1="1" ind2="0">
<subfield code="6">245-02/</subfield>
<subfield code="a">موسيقى الكندي :</subfield>
<subfield code="b">ملحق لكتاب مؤلفات الكندي الموسيقية /</subfield>
<subfield code="c">زكريا يوسف.</subfield>
</datafield>
<datafield tag="880" ind1=" " ind2=" ">
<subfield code="6">260-03/</subfield>
<subfield code="a">بغداد :</subfield>
<subfield code="b">مطبعة شفيق،</subfield>
<subfield code="c">1962.</subfield>
</datafield>
<datafield tag="880" ind1="1" ind2=" ">
<subfield code="6">700-04/</subfield>
<subfield code="a">يوسف، زكريا.</subfield>
</datafield>
<datafield tag="880" ind1="0" ind2=" ">
<subfield code="6">700-05/</subfield>
<subfield code="a">كندي،</subfield>
<subfield code="d">د. . 873.</subfield>
<subfield code="t">مؤلفات الكندي الموسيقية.</subfield>
</datafield>
<datafield tag="OWN" ind1=" " ind2=" ">
<subfield code="a">GENERAL</subfield>
</datafield>
<datafield tag="AVA" ind1=" " ind2=" ">
<subfield code="a">NYU50</subfield>
<subfield code="b">BOBST</subfield>
<subfield code="c">Main Collection</subfield>
<subfield code="d">ML189 .K513 1962</subfield>
<subfield code="e">unavailable</subfield>
<subfield code="t">Unavailable</subfield>
<subfield code="f">1</subfield>
<subfield code="g">1</subfield>
<subfield code="h">N</subfield>
<subfield code="i">0</subfield>
<subfield code="j">MAIN</subfield>
<subfield code="k">0</subfield>
</datafield>
</record>
